@misc{data, 
    title={YouTube Trending Video Dataset (updated daily)}, 
    url={https://www.kaggle.com/dsv/3129063}, 
    DOI={10.34740/KAGGLE/DSV/3129063}, 
    publisher={Kaggle}, 
    author={Youtube}, 
    year={2022} 
}

@misc{trends_help, 
    title={Trending on YouTube}, 
    url={https://support.google.com/youtube/answer/7239739}, 
    journal={YouTube Help}
}

@misc{shorts_help, 
    title={Get started with YouTube Shorts}, 
    url={https://support.google.com/youtube/answer/10059070}, 
    journal={YouTube Help}
}

@misc{cat_legacy,
    title={Do YouTube Categories Matter?},
     url={https://outofthe925.com/do-youtube-categories-matter/},
    journal={Outofthe925}, 
    author={Woutersen, David},
    year={2021}, 
    month={07}
} 